@inproceedings{molly,
  title={{Lineage-driven fault injection}},
  author={Alvaro, Peter and Rosen, Joshua and Hellerstein, Joseph M},
  booktitle={SIGMOD (to appear)},
  year = {2015}
}

